<?xml version="1.0" encoding="UTF-8"?><record xmlns="http://www.loc.gov/MARC21/slim" xmlns:cinclude="http://apache.org/cocoon/include/1.0" xmlns:zs="http://www.loc.gov/zing/srw/">
  <leader>01154cz  a2200253n  4500</leader>
  <controlfield tag="001">nr 95037463 </controlfield>
  <controlfield tag="003">DLC</controlfield>
  <controlfield tag="005">20080916081737.0</controlfield>
  <controlfield tag="008">951011nc acannaabn          |b ana      </controlfield>
  <datafield tag="010" ind1=" " ind2=" ">
    <subfield code="a">nr 95037463 </subfield>
  </datafield>
  <datafield tag="035" ind1=" " ind2=" ">
    <subfield code="a">(OCoLC)oca03937633</subfield>
  </datafield>
  <datafield tag="040" ind1=" " ind2=" ">
    <subfield code="a">DLC-R</subfield>
    <subfield code="b">eng</subfield>
    <subfield code="c">DLC-R</subfield>
    <subfield code="d">NjP</subfield>
    <subfield code="d">OCoLC</subfield>
  </datafield>
  <datafield tag="110" ind1="2" ind2=" ">
    <subfield code="a">Zhang Wentian xuan ji zhuan ji zu</subfield>
  </datafield>
  <datafield tag="410" ind1="2" ind2=" ">
    <subfield code="w">nne</subfield>
    <subfield code="a">Chang Wen-tʻien hsüan chi chuan chi tsu</subfield>
  </datafield>
  <datafield tag="410" ind1="2" ind2=" ">
    <subfield code="a">Zhang wen tian xuan ji zhuan ji zu</subfield>
  </datafield>
  <datafield tag="410" ind1="2" ind2=" ">
    <subfield code="a">Zhong gong zhong yang dang shi yan jiu shi.</subfield>
    <subfield code="b">Zhang Wentian xuan ji zhuan ji zu</subfield>
  </datafield>
  <datafield tag="410" ind1="2" ind2=" ">
    <subfield code="a">张闻天选集传纪组</subfield>
  </datafield>
  <datafield tag="410" ind1="2" ind2=" ">
    <subfield code="a">张闻天选集传记组</subfield>
  </datafield>
  <datafield tag="410" ind1="2" ind2=" ">
    <subfield code="a">張聞天選集傳紀組</subfield>
  </datafield>
  <datafield tag="410" ind1="2" ind2=" ">
    <subfield code="a">張聞天選集傳記組</subfield>
  </datafield>
  <datafield tag="667" ind1=" " ind2=" ">
    <subfield code="a">Machine-derived non-Latin script reference project.</subfield>
  </datafield>
  <datafield tag="667" ind1=" " ind2=" ">
    <subfield code="a">Non-Latin script references not evaluated.</subfield>
  </datafield>
  <datafield tag="670" ind1=" " ind2=" ">
    <subfield code="a">Chang Wen-tʻien Chin Shan tiao chʻa wen chi, 1994:</subfield>
    <subfield code="b">t.p. (Chang Wen-tʻien hsüan chi chuan chi tsu)</subfield>
  </datafield>
  <datafield tag="670" ind1=" " ind2=" ">
    <subfield code="a">Chang Wen-tʻien chien i kʻai fang shih chʻang ... 1995:</subfield>
    <subfield code="b">t.p. (Chang Wen-tʻien hsüan chi chuan chi tsu) p. 245 (Chung kung chung yang tang shih yen chiu shih Chang Wen-tʻien hsüan chi chuan chi tsu)</subfield>
  </datafield>
</record>